% Add the references below. You need to run bibtex and then latex
%  over the report to see the updated references.

% Authors are alphabetized by last names.  When an author is an institutions,
%  the name is enclosed in curly brackets to force alphabetizing by the
%  first letter of the name , e.g., {American Mathematical Society}, as in
%  an entry below.

@Article{Hobbs,
    AUTHOR ={ {B. Hobbs, H. Van der Weije} },
     TITLE ={{\em Planning electricity transmission to accommodate renewables: Using two-stage programming to evaluate flexibility and the cost of disregarding uncertainty}},
      NOTE = {$\langle$\texttt{http://www.eprg.group.cam.ac.uk/wp-content/uploads/2011/01/Binder11.pdf$\rangle$}.  Accessed September 28, 2012.},
 PUBLISHER = {University of Cambridge},
} 

@ARTICLE{PSERC,
	author = {McCalley et al},
	title ={Transmission Design at the National Level: Benefits, Risks and Possible Paths Forward},
	journal = "PSERC",
	year = 2012,
	NOTE = {\\ \\ Provided information about the network model required by EISPC for evaluation of optimization methods.},
}
@ARTICLE{IEA,
	author = {International Energy Agency},
	title ={IEA sees renewable energy growth accelerating over next 5 years},
	journal = "IEA",
	year = 2012,
	NOTE = {$\langle$\texttt{http://www.iea.org/newsroomandevents/pressreleases/2012/july/name,28200,en.html$\rangle$}.  Accessed October 23, 2012.},
}
